<?xml version="1.0" encoding="UTF-8"?><collection xmlns="http://www.loc.gov/MARC21/slim"><record><leader>00384nam--2200121-i-4500</leader><controlfield tag="001">000021909</controlfield><controlfield tag="002">20161230</controlfield><controlfield tag="005">20161230201034</controlfield><controlfield tag="008">060222s1000------------r-----000-0-eng-d</controlfield><datafield ind1=" " ind2=" " tag="100"><subfield code="a">Hlavaty, Vaclav</subfield></datafield><datafield ind1=" " ind2=" " tag="245"><subfield code="a">Geometry of einstein`s unified field theory. (to the memory of a genius albert einstein, 1879-1955)</subfield></datafield><datafield ind1=" " ind2=" " tag="260"><subfield code="a">Groningen, P.Noordhoff Ltd., 1957, Xxxii + 341 P</subfield></datafield><datafield ind1=" " ind2=" " tag="852"><subfield code="a">16084</subfield></datafield></record></collection>